%%%%%%%%%%%%%%%%%%%%%%%%%%%%%%%%%%%%%%%%%%%%%%%%%%%%%%%%%%%%%%%%%%%%%%
%
% $Id: baselining.bib,v 1.3 2006/09/14 19:57:53 mavrik Exp $
%
%%%%%%%%%%%%%%%%%%%%%%%%%%%%%%%%%%%%%%%%%%%%%%%%%%%%%%%%%%%%%%%%%%%%%%

@Misc
{
  dictionary,
  key          = {Merriam-Webster},
  title        = {{M}erriam {W}ebster's {C}ollegiate {D}ictionary},
  publisher    = {Merriam-Webster, Inc., Springfield, MA},
  year         = {1994},
  edition      = {Tenth}
}

@Misc
{
  rootkit,
  author       = {Altunergil, O.},
  title        = {{U}nderstanding {R}ootkits},
  year         = {2001},
  note         = {\url{http://linux.oreillynet.com/pub/a/linux/2001/12/14/rootkit.html}}
}

@Misc
{
  ftimes,
  author       = {Monroe, K.},
  title        = {{FT}imes {M}an {P}age},
  year         = {2006},
  note         = {\url{http://ftimes.sourceforge.net/FTimes/Man+Pages/ftimes.shtml}}
}

@Misc
{
  md5,
  author       = {Rivest, R.},
  title        = {The {MD5} {M}essage-{D}igest {A}lgorithm},
  howpublished = {RFC 1321},
  year         = {1992}
}
